%% This BibTeX bibliography file was created using BibDesk.
%% https://bibdesk.sourceforge.io/

%% Created for betty lin at 2021-11-03 23:34:40 +0100 


%% Saved with string encoding Unicode (UTF-8) 



@inproceedings{chen2019lbc,
	Author = {Chen, Dian and Zhou, Brady and Koltun, Vladlen and Kr\"ahenb\"uhl, Philipp},
	Booktitle = {Conference on Robot Learning (CoRL)},
	Title = {Learning by Cheating},
	Year = {2019}}
	
@article{Dosovitskiy2017CARLAAO,
  title={CARLA: An Open Urban Driving Simulator},
  author={Alexey Dosovitskiy and Germ{\'a}n Ros and Felipe Codevilla and Antonio M. L{\'o}pez and Vladlen Koltun},
  journal={ArXiv},
  year={2017},
  volume={abs/1711.03938}
}

@article{Bansal2019ChauffeurNetLT,
  title={ChauffeurNet: Learning to Drive by Imitating the Best and Synthesizing the Worst},
  author={Mayank Bansal and Alex Krizhevsky and Abhijit S. Ogale},
  journal={ArXiv},
  year={2019},
  volume={abs/1812.03079}
}

@article{Prakash2020ExploringDA,
  title={Exploring Data Aggregation in Policy Learning for Vision-Based Urban Autonomous Driving},
  author={Aditya Prakash and Aseem Behl and Eshed Ohn-Bar and Kashyap Chitta and Andreas Geiger},
  journal={2020 IEEE/CVF Conference on Computer Vision and Pattern Recognition (CVPR)},
  year={2020},
  pages={11760-11770}
}

@article{OhnBar2020LearningSD,
  title={Learning Situational Driving},
  author={Eshed Ohn-Bar and Aditya Prakash and Aseem Behl and Kashyap Chitta and Andreas Geiger},
  journal={2020 IEEE/CVF Conference on Computer Vision and Pattern Recognition (CVPR)},
  year={2020},
  pages={11293-11302}
}

@article{Rhinehart2020DeepIM,
  title={Deep Imitative Models for Flexible Inference, Planning, and Control},
  author={Nicholas Rhinehart and Rowan McAllister and Sergey Levine},
  journal={ArXiv},
  year={2020},
  volume={abs/1810.06544}
}

@article{Zeng2019EndToEndIN,
  title={End-To-End Interpretable Neural Motion Planner},
  author={Wenyuan Zeng and Wenjie Luo and Simon Suo and Abbas Sadat and Binh Yang and Sergio Casas and Raquel Urtasun},
  journal={2019 IEEE/CVF Conference on Computer Vision and Pattern Recognition (CVPR)},
  year={2019},
  pages={8652-8661}
}

@article{Chen2021LearningTD,
  title={Learning to drive from a world on rails},
  author={Di Chen and Vladlen Koltun and Philipp Kr{\"a}henb{\"u}hl},
  journal={ArXiv},
  year={2021},
  volume={abs/2105.00636}
}

@article{Agarwal2021AffordancebasedRL,
  title={Affordance-based Reinforcement Learning for Urban Driving},
  author={Tanmay Agarwal and Hitesh Arora and Jeff G. Schneider},
  journal={ArXiv},
  year={2021},
  volume={abs/2101.05970}
}

@article{Toromanoff2020EndtoEndMR,
  title={End-to-End Model-Free Reinforcement Learning for Urban Driving Using Implicit Affordances},
  author={Marin Toromanoff and {\'E}milie Wirbel and Fabien Moutarde},
  journal={2020 IEEE/CVF Conference on Computer Vision and Pattern Recognition (CVPR)},
  year={2020},
  pages={7151-7160}
}

